<?xml version="1.0" encoding="UTF-8"?>
<SOAP-ENV:Envelope xmlns:SOAP-ENV="http://schemas.xmlsoap.org/soap/envelope/" xmlns:mx="http://www.loc.gov/MARC21/slim" xmlns:of="http://oss.dbc.dk/ns/openformat"><SOAP-ENV:Body><of:formatResponse><marc21><mx:record format="MARC21" type="Bibliographic"><mx:leader>00000nim a22000000c 4500</mx:leader><mx:controlfield tag="007">ss||||||||||||</mx:controlfield><mx:controlfield tag="008">881010s1988    dk ||||        ||| |dan|d</mx:controlfield><mx:datafield ind1="8" ind2=" " tag="024"><mx:subfield code="a">7217</mx:subfield></mx:datafield><mx:datafield ind1="1" ind2=" " tag="029"><mx:subfield code="a">DKDLA</mx:subfield><mx:subfield code="b">870970-basis:08242682</mx:subfield></mx:datafield><mx:datafield ind1=" " ind2=" " tag="040"><mx:subfield code="a">DKDLA</mx:subfield><mx:subfield code="b">dan</mx:subfield><mx:subfield code="c">DKDLA</mx:subfield></mx:datafield><mx:datafield ind1="1" ind2=" " tag="041"><mx:subfield code="a">dan</mx:subfield><mx:subfield code="h">eng</mx:subfield></mx:datafield><mx:datafield ind1=" " ind2=" " tag="049"><mx:subfield code="a">DK-190101</mx:subfield></mx:datafield><mx:datafield ind1=" " ind2=" " tag="084"><mx:subfield code="a">83:296</mx:subfield><mx:subfield code="2">z</mx:subfield></mx:datafield><mx:datafield ind1="1" ind2=" " tag="100"><mx:subfield code="a">Christopher, John</mx:subfield></mx:datafield><mx:datafield ind1="1" ind2="3" tag="245"><mx:subfield code="a">De hvide bjerge</mx:subfield><mx:subfield code="h">[lydoptagelse] /</mx:subfield><mx:subfield code="c">af John Christopher</mx:subfield></mx:datafield><mx:datafield ind1=" " ind2=" " tag="260"><mx:subfield code="a">Kbh. :</mx:subfield><mx:subfield code="b">Statens Bibliotek og Trykkeri for Blinde,</mx:subfield><mx:subfield code="c">1988</mx:subfield></mx:datafield><mx:datafield ind1=" " ind2=" " tag="300"><mx:subfield code="a">3 kassetter (220 min.) :</mx:subfield><mx:subfield code="b">mono</mx:subfield><mx:subfield code="a">i 1 boks</mx:subfield></mx:datafield><mx:datafield ind1=" " ind2=" " tag="500"><mx:subfield code="a">Originaltitel: The white mountains</mx:subfield></mx:datafield><mx:datafield ind1=" " ind2=" " tag="500"><mx:subfield code="a">7217</mx:subfield></mx:datafield><mx:datafield ind1="1" ind2=" " tag="700"><mx:subfield code="a">Haizelden, Bjørn</mx:subfield></mx:datafield></mx:record><hs activity="insert">DKDLA</hs><hasLHR>false</hasLHR></marc21></of:formatResponse></SOAP-ENV:Body></SOAP-ENV:Envelope>
